@article{kondrashov2006spatio,
  title={Spatio-temporal filling of missing points in geophysical data sets},
  author={Kondrashov, Dmitri and Ghil, Michael},
  journal={Nonlinear Processes in Geophysics},
  volume={13},
  number={2},
  pages={151--159},
  year={2006},
  publisher={Copernicus Publications G{\"o}ttingen, Germany}
}